@book{cooley_tukey_1965, title={An algorithm for the machine calculation of complex Fourier series}, journal={An algorithm for the machine calculation of complex Fourier series}, author={Cooley, James W and Tukey, John W}, year={1965}}
@book{cooley_lewis_welch_1967, edition={10}, series={Proceedings of the IEEE}, title={Historical Notes on the Fast Fourier Transform}, volume={55}, journal={Historical Notes on the Fast Fourier Transform}, author={Cooley, James W and Lewis, Peter A and Welch, Peter D}, year={1967}, collection={Proceedings of the IEEE}}
